@book{Brown59,
  author    = {R. G. Brown},
  title     = {Statistical forecasting for inventory control},
  publisher = {McGraw-Hill, New York},
  year      = {1959}
}

@book{Brown63,
  author    = {R. G. Brown},
  title     = {Smoothing, forecasting and prediction of discrete time series},
  publisher = {Englewood Cliffs, New Jersey: Prentice Hall},
  year      = {1963}
}

@article{CKOS01,
  author  = {C. Chatfield and A. B. Koehler and J. K. Ord and R. D. Snyder},
  title   = {A new look at models for exponential smoothing},
  journal = {The Statistician},
  volume  = {50},
  number  = {2},
  pages   = {147--159},
  year    = {2001}
}

@techreport{Holt57,
  author      = {C. E. Holt},
  title       = {Forecasting trends and seasonals by exponentially weighted averages},
  year        = {1957},
  institution = {Carnegie Institute of Technology},
  type        = {O.N.R. Memorandum},
  number      = {52/1957}
}

@article{HKSG02,
  author  = {R. J. Hyndman and A. B. Koehler and R. D. Snyder and S. Grose},
  title   = {A state space framework for automatic forecasting using
             exponential smoothing methods},
  journal = {International Journal of Forecasting},
  volume  = {18},
  number  = {3},
  pages   = {439--454},
  year    = {2002}
}

@article{M1comp,
  author  = {S. Makridakis and A. Anderson and R. Carbone and R. Fildes and M. Hibon and
             R. Lewandowskiand J. Newton and E. Parzen and R. Winkler},
  title   = {The accuracy of extrapolation (time series) methods: results of a forecasting competition},
  journal = {Journal of Forecasting},
  volume  = {1},
  number  = {},
  pages   = {111--153},
  year    = {1982}
}
@article{MH79,
  author  = {S. Makridakis and M. Hibon},
  title   = {Accuracy of forecasting: an empirical investigation (with discussion)},
  journal = {Journal of Royal Statistical Society (A)},
  volume  = {142},
  number  = {},
  pages   = {97--145},
  year    = {1979}
}
@article{OKS97,
  author  = {J. K. Ord and A. B. Koehler and R. D. Snyder},
  title   = {Estimation and prediction for a class of dynamic nonlinear statistical models},
  journal = {Journal of American Statistical Association},
  volume  = {92},
  number  = {},
  pages   = {1621--1629},
  year    = {1997}
}
@article{Winters60,
  author  = {P. R. Winters},
  title   = {Forecasting sales by exponentially weighted moving averages},
  journal = {Management Science},
  volume  = {6},
  number  = {},
  pages   = {324--342},
  year    = {1960}
}

@manual{renv,
  title  = {{renv}: Project Environments},
  author = {Kevin Ushey},
  year   = {2022},
  note   = {R package version 0.16.0},
  url    = {https://CRAN.R-project.org/package=renv}
}
